@misc{MIMI,
  author       = {Goglia, Diletta},
  title        = {{Multi-aspect Integrated Migration Indicators 
                   (MIMI) dataset}},
  month        = may,
  year         = 2022,
  publisher    = {Zenodo},
  version      = {2},
  doi          = {10.5281/zenodo.6493325},
  url          = {https://doi.org/10.5281/zenodo.6493325}
}

@misc{MIMIDOC,
  author       = {Goglia, Diletta and
                  Pollacci, Laura and
                  Sirbu, Alina},
  title        = {{Dataset of Multi-aspect Integrated Migration 
                   Indicators}},
  month        = apr,
  year         = 2022,
  publisher    = {Zenodo},
  version      = {v1.0},
  doi          = {10.5281/zenodo.6500885},
  url          = {https://doi.org/10.5281/zenodo.6500885}
}

@article{Crawler&Scraper,
    author = {Massimino, Brett},
    title = {Accessing Online Data: Web-Crawling and Information-Scraping Techniques to Automate the Assembly of Research Data},
    journal = {Journal of Business Logistics},
    volume = {37},
    number = {1},
    pages = {34-42},
    keywords = {web crawling, information scraping, Internet data, programming etiquette, social responsibility},
    doi = {https://doi.org/10.1111/jbl.12120},
    url = {https://onlinelibrary.wiley.com/doi/abs/10.1111/jbl.12120},
    year = {2016}
}

%% RICORDA
@article{anderson2011counts,
  title={Who counts as a migrant? Definitions and their consequences},
  author={Anderson, Bridget and Blinder, Scott},
  journal={Briefing, The Migration Observatory at the University of Oxford},
  year={2011}
}


@Inbook{Igual2017,
author="Igual, Laura
and Segu{\'i}, Santi",
title="Introduction to Data Science",
bookTitle="Introduction to Data Science: A Python Approach to Concepts, Techniques and Applications",
year="2017",
publisher="Springer International Publishing",
address="Cham",
pages="1--4",
isbn="978-3-319-50017-1",
doi="10.1007/978-3-319-50017-1_1",
url="https://doi.org/10.1007/978-3-319-50017-1_1"
}

@article{inproceedings,
author = {Krotov, Vlad and Johnson, Leigh and Silva, Leiser},
year = {2020},
month = {01},
pages = {539-563},
title = {Legality and Ethics of Web Scraping},
volume = {47},
journal = {Communications of the Association for Information Systems},
doi = {10.17705/1CAIS.04724}
}

@article{
intmigunderthemicro,
author = {Frans Willekens  and Douglas Massey  and James Raymer  and Cris Beauchemin },
title = {International migration under the microscope},
journal = {Science},
volume = {352},
number = {6288},
pages = {897-899},
year = {2016},
doi = {10.1126/science.aaf6545},
URL = {https://www.science.org/doi/abs/10.1126/science.aaf6545},
eprint = {https://www.science.org/doi/pdf/10.1126/science.aaf6545},
}


@article{warschauer_yim_lee_zheng_2019, title={Recent Contributions of Data Mining to Language Learning Research}, volume={39}, DOI={10.1017/S0267190519000023}, journal={Annual Review of Applied Linguistics}, publisher={Cambridge University Press}, author={Warschauer, Mark and Yim, Soobin and Lee, Hansol and Zheng, Binbin}, year={2019}, pages={93–112}}

@Article{deBeer2010,
author={de Beer, Joop
and Raymer, James
and van der Erf, Rob
and van Wissen, Leo},
title={Overcoming the Problems of Inconsistent International Migration data: A New Method Applied to Flows in Europe},
journal={European Journal of Population / Revue europ{\'e}enne de D{\'e}mographie},
year={2010},
month={Nov},
day={01},
volume={26},
number={4},
pages={459-481},
issn={1572-9885},
doi={10.1007/s10680-010-9220-z},
url={https://doi.org/10.1007/s10680-010-9220-z}
}

@misc{JRC112310,
	number = {KJ-NA-29273-EN-N},
	address = {Luxembourg (Luxembourg)},
	issn = {1831-9424},
	year = {2018},
	author = {Spyratos S and Vespe M and Natale F and Ingmar W and Zagheni E and Rango M},
	isbn = {978-92-79-87989-0},
	journal = {Publications Office of the European Union},
	title = {Migration Data using Social Media: 
		a European Perspective
		},
	url = {},
	doi = {10.2760/964282}
}


@misc{6c418d60-en,
   author = "Jean-Michel Dalle and Matthijs den Besten and Carlo Menon",
   title = "Using Crunchbase for economic and managerial research",
   year = "2017",
   url = "https://www.oecd-ilibrary.org/content/paper/6c418d60-en",
   doi = "https://doi.org/https://doi.org/10.1787/6c418d60-en" 
}

@misc{reback2020pandas,
    author       = {The pandas development team},
    title        = {pandas-dev/pandas: Pandas},
    month        = feb,
    year         = 2020,
    publisher    = {Zenodo},
    version      = {latest},
    doi          = {10.5281/zenodo.3509134},
    url          = {https://doi.org/10.5281/zenodo.3509134}
}

@online{plotly, author = {Plotly Technologies Inc.}, title = {Collaborative data science}, publisher = {Plotly Technologies Inc.}, address = {Montreal, QC}, year = {2015}, url = {https://plot.ly}}

@Article{Hunter:2007,
  Author    = {Hunter, J. D.},
  Title     = {Matplotlib: A 2D graphics environment},
  Journal   = {Computing in Science \& Engineering},
  Volume    = {9},
  Number    = {3},
  Pages     = {90--95},
  abstract  = {Matplotlib is a 2D graphics package used for Python for
  application development, interactive scripting, and publication-quality
  image generation across user interfaces and operating systems.},
  publisher = {IEEE COMPUTER SOC},
  doi       = {10.1109/MCSE.2007.55},
  year      = 2007
}

@article{Waskom2021,
    doi = {10.21105/joss.03021},
    url = {https://doi.org/10.21105/joss.03021},
    year = {2021},
    publisher = {The Open Journal},
    volume = {6},
    number = {60},
    pages = {3021},
    author = {Michael L. Waskom},
    title = {seaborn: statistical data visualization},
    journal = {Journal of Open Source Software}
 }
 
@online{plotapi,
author = {Shahin Rostami},
title = {PlotAPI},
url = {https://plotapi.com},
version = {4.0.0},
date = {2020-04-06},
}


@article{impicciatore2021emigrazione,
  title={L’emigrazione dei laureati italiani. Un’analisi delle caratteristiche individuali che favoriscono la mobilit{\`a} internazionale},
  author={Impicciatore, Roberto and Panichella, Nazareno},
  journal={Quaderni di Sociologia},
  number={86-LXV},
  url = {http://journals.openedition.org/qds/4645; DOI: https://doi.org/10.4000/qds.4645},
  pages={31--53},
  year={2021},
  publisher={Lexis Sas}
}

@article{piras8effetti,
  title={Gli effetti dell’immigrazione sull’offerta di lavoro delle donne. Un’analisi empirica per l’Italia},
  author={Piras, Romano and Pettinau, Fabiana},
  journal={Volume 8-Numero 5-Settembre 2018},
  pages={149}
}

@Article{Scheffer2018,
author={Scheffer, Mario Cesar
and Cassenote, Alex Jones Flores
and Guilloux, Aline Gil Alves
and Dal Poz, Mario Roberto},
title={Internal migration of physicians who graduated in Brazil between 1980 and 2014},
journal={Human Resources for Health},
year={2018},
month={May},
day={02},
volume={16},
number={1},
pages={21},
issn={1478-4491},
doi={10.1186/s12960-018-0286-8},
url={https://doi.org/10.1186/s12960-018-0286-8}
}

@misc{opendatadellistruzionesuperiore, url={http://dati.ustat.miur.it/dataset/14aeb712-4665-4311-9e90-3e13639e8f50/resource/c39e6e60-d92e-46f2-bfaa-f865d3fb1771/download/immatricolatixanno.csv}} 

@article{doi.org/10.1111/manc.12356,
author = {Falkingham, Jane and Giulietti, Corrado and Wahba, Jackline and Wang, Chuhong},
title = {The impact of Brexit on international students’ return intentions},
journal = {The Manchester School},
volume = {89},
number = {2},
pages = {139-171},
keywords = {article 50, Brexit, higher education, international students, migration intentions},
doi = {https://doi.org/10.1111/manc.12356},
url = {https://onlinelibrary.wiley.com/doi/abs/10.1111/manc.12356},
eprint = {https://onlinelibrary.wiley.com/doi/pdf/10.1111/manc.12356},
year = {2021}
}

@inproceedings{zagheniinferringintermigr,
author = {Zagheni, Emilio and Garimella, Venkata Rama Kiran and Weber, Ingmar and State, Bogdan},
title = {Inferring International and Internal Migration Patterns from Twitter Data},
year = {2014},
isbn = {9781450327459},
publisher = {Association for Computing Machinery},
address = {New York, NY, USA},
url = {https://doi.org/10.1145/2567948.2576930},
doi = {10.1145/2567948.2576930},
booktitle = {Proceedings of the 23rd International Conference on World Wide Web},
pages = {439–444},
numpages = {6},
keywords = {selection bias, human factors, twitter, migration, experimentation},
location = {Seoul, Korea},
series = {WWW '14 Companion}
}

@article{Perrotta_Johnson_Theile_Grow_Valk_Zagheni_2022, title={Openness to Migrate Internationally for a Job: Evidence from LinkedIn Data in Europe}, volume={16}, url={https://ojs.aaai.org/index.php/ICWSM/article/view/19332}, number={1}, journal={Proceedings of the International AAAI Conference on Web and Social Media}, author={Perrotta, Daniela and Johnson, Sarah C. and Theile, Tom and Grow, André and Valk, Helga de and Zagheni, Emilio}, year={2022}, month={May}, pages={759-769} }


@misc{gruppioni_2018, title={Il riconoscimento dei titoli di studio Conseguiti all'Estero e il suo impatto sulle opportunità sociali e lavorative delle persone immigrate in Italia}, url={http://hdl.handle.net/10579/12247}, journal={Handle Proxy}, publisher={Università Ca' Foscari Venezia}, author={Gruppioni, Giorgia}, year={2018}, month={Mar}} 

 @misc{rsalmei, title={RSALMEI/alive-progress: A new kind of progress bar, with real-time throughput, ETA, and very cool animations!}, url={https://github.com/rsalmei/alive-progress}, journal={GitHub}, author={Rsalmei}} v

@Article{         harris2020array,
 title         = {Array programming with {NumPy}},
 author        = {Charles R. Harris and K. Jarrod Millman and St{\'{e}}fan J.
                 van der Walt and Ralf Gommers and Pauli Virtanen and David
                 Cournapeau and Eric Wieser and Julian Taylor and Sebastian
                 Berg and Nathaniel J. Smith and Robert Kern and Matti Picus
                 and Stephan Hoyer and Marten H. van Kerkwijk and Matthew
                 Brett and Allan Haldane and Jaime Fern{\'{a}}ndez del
                 R{\'{i}}o and Mark Wiebe and Pearu Peterson and Pierre
                 G{\'{e}}rard-Marchant and Kevin Sheppard and Tyler Reddy and
                 Warren Weckesser and Hameer Abbasi and Christoph Gohlke and
                 Travis E. Oliphant},
 year          = {2020},
 month         = sep,
 journal       = {Nature},
 volume        = {585},
 number        = {7825},
 pages         = {357--362},
 doi           = {10.1038/s41586-020-2649-2},
 publisher     = {Springer Science and Business Media {LLC}},
 url           = {https://doi.org/10.1038/s41586-020-2649-2}
}

 
 @article{sirbu2021human,
  title={Human migration: the big data perspective},
  author={S{\^\i}rbu, Alina and Andrienko, Gennady and Andrienko, Natalia and Boldrini, Chiara and Conti, Marco and Giannotti, Fosca and Guidotti, Riccardo and Bertoli, Simone and Kim, Jisu and Muntean, Cristina Ioana and others},
  journal={International Journal of Data Science and Analytics},
  volume={11},
  number={4},
  pages={341--360},
  year={2021},
  publisher={Springer}
}

@article{eurpubcku105,
    author = {Kassar, Hassène and Marzouk, Diaa and Anwar, Wagida A. and Lakhoua, Chérifa and Hemminki, Kari and Khyatti, Meriem},
    title = {Emigration flows from North Africa to Europe},
    journal = {European Journal of Public Health},
    volume = {24},
    year = {2014},
    month = {08},
    issn = {1101_1262},
    doi = {10.1093/eurpub/cku105},
    url = {https://doi.org/10.1093/eurpub/cku105},
    eprint = {https://academic.oup.com/eurpub/article-pdf/24/suppl\_1/2/1500528/cku105.pdf},
}

@misc{pernichetti, title={Elementi di demografia}, url={https://terni.unipg.it/files/scienze_della_formazione/statistica_2019/10_elementi_di_demografia.pdf}, journal={https://terni.unipg.it}, publisher={Univesità degli studi di Perugia}, author={Pernichetti, Maurizio}} 



@book{kouzis2016learning,
  title={Learning Scrapy},
  author={Kouzis-Loukas, Dimitrios},
  year={2016},
  publisher={Packt Publishing Ltd}
}

@misc{gobbo_2018, title={Profili Falsi: Come difendersi e stare in Guardia}, url={https://www.linkedin.com/pulse/profili-falsi-come-difendersi-e-stare-guardia-massimo-gobbo-1}, journal={LinkedIn}, publisher={LinkedIn}, author={Gobbo, Massimo}, year={2018}, month={Mar}} 


@article{DBLPjournalscorrabs-2006-01381,
  author    = {Shalinda Adikari and
               Kaushik Dutta},
  title     = {Identifying Fake Profiles in LinkedIn},
  journal   = {CoRR},
  volume    = {abs/2006.01381},
  year      = {2020},
  url       = {https://arxiv.org/abs/2006.01381},
  eprinttype = {arXiv},
  eprint    = {2006.01381},
  timestamp = {Mon, 08 Jun 2020 15:48:39 +0200},
  biburl    = {https://dblp.org/rec/journals/corr/abs-2006-01381.bib},
  bibsource = {dblp computer science bibliography, https://dblp.org}
}

@book{poulain2006thesim,
  title={THESIM: Towards harmonised European statistics on international migration},
  author={Poulain, Michel and Perrin, Nicolas and Singleton, Ann},
  year={2006},
  publisher={Presses univ. de Louvain}
}

@misc{archive:statmigr, 
    title={Archive:Statistiche Sulle migrazioni internazionali e sulle popolazioni di origine straniera}, 
    url={https://ec.europa.eu/eurostat/statistics-explained/index.php?title=Archive%3AStatistiche_sulle_migrazioni_internazionali_e_sulle_popolazioni_di_origine_straniera&amp;oldid=351104#Fonti_e_disponibilit.C3.A0_dei_dati:~:text=Come%20previsto%20dall%27articolo,di%2012%20mesi.}, journal={Archive:Statistiche sulle migrazioni internazionali e sulle popolazioni di origine straniera - Statistics Explained}
} 

@article{fassmann2009european,
  title={European migration: Historical overview and statistical problems},
  author={Fassmann, Heinz},
  journal={Statistics and reality. Concepts and measurements of migration in Europe},
  pages={21--44},
  year={2009},
  publisher={Amsterdam University Press Amsterdam}
}

@misc{falkingham_wahba_giulietti_chuhong, 
    title={Survey of graduating international students, 2017-2018}, url={https://reshare.ukdataservice.ac.uk/854890/}, journal={ReShare}, 
    publisher={UK Data Service}, 
    author={Falkingham, Jane and Wahba, Jackline and Giulietti, Corrado and Chuhong, Wang}
} 

@misc{pema-s, 
    title={Getting access to linkedin apis - linkedin}, url={https://docs.microsoft.com/en-us/linkedin/shared/authentication/getting-access?view=li-lms-2022-06}, 
    journal={LinkedIn | Microsoft Docs}, 
    author={Pema-S}
} 


@InProceedings{10.1007/978-3-319-04178-0_7,
    author="Vaca-Ruiz, Carmen
    and Quercia, Daniele
    and Aiello, Luca Maria
    and Fraternali, Piero",
    editor="Nin, Jordi
    and Villatoro, Daniel",
    title="Tracking Human Migration from Online Attention",
    booktitle="Citizen in Sensor Networks",
    year="2014",
    publisher="Springer International Publishing",
    address="Cham",
    pages="73--83",
    isbn="978-3-319-04178-0"
}


@Inbook{State2014,
    author="State, Bogdan
    and Rodriguez, Mario
    and Helbing, Dirk
    and Zagheni, Emilio",
    editor="Aiello, Luca Maria
    and McFarland, Daniel",
    title="Migration of Professionals to the U.S.",
    bookTitle="Social Informatics: 6th International Conference, SocInfo 2014, Barcelona, Spain, November 11-13, 2014. Proceedings",
    year="2014",
    publisher="Springer International Publishing",
    address="Cham",
    pages="531--543",
    isbn="978-3-319-13734-6",
    doi="10.1007/978-3-319-13734-6_37",
    url="https://doi.org/10.1007/978-3-319-13734-6_37"
}

@misc{crunchbase_data, 
    title={Crunchbase Data}, 
    url={https://data.crunchbase.com/docs}, 
    journal={Access Crunchbase Data}
} 

@techreport{Munz2007Migration,
    address = {Hamburg},
    author = {Rainer M\"{u}nz},
    copyright = {http://www.econstor.eu/dspace/Nutzungsbedingungen},
    keywords = {330},
    language = {eng},
    number = {3-6},
    publisher = {Hamburgisches WeltWirtschaftsInstitut (HWWI)},
    title = {Migration, labor markets, and integration of migrants: An overview for Europe},
    type = {HWWI Policy Paper},
    url = {http://hdl.handle.net/10419/47671},
    year = {2007}
}

@article{10.2307/24639395,
 ISSN = {00987921, 17284457},
 URL = {http://www.jstor.org/stable/24639395},
 author = {Martin Bell and Elin Charles-Edwards and Philipp Ueffing and John Stillwell and Marek Kupiszewski and Dorota Kupiszewska},
 journal = {Population and Development Review},
 number = {1},
 pages = {33--58},
 publisher = {[Population Council, Wiley]},
 title = {Internal Migration and Development: Comparing Migration Intensities Around the World},
 urldate = {2022-07-06},
 volume = {41},
 year = {2015}
}

@misc{https://doi.org/10.2907/lfs1983-2020v.1,
  doi = {10.2907/LFS1983-2020V.1},
  url = {https://ec.europa.eu/eurostat/documents/203647/1004071/EU+LFS+DOI+2020v1.pdf},
  author = {{Eurostat}},
  language = {en},
  title = {EU - Labour Force Survey microdata 1983-2019, release 2020, version 1},
  publisher = {Eurostat},
  year = {2020}
}

@article{inferringpatternsofJoshua,
    author = { Joshua   E.   Blumenstock },
    title = {Inferring patterns of internal migration from mobile phone call records: evidence from Rwanda},
    journal = {Information Technology for Development},
    volume = {18},
    number = {2},
    pages = {107-125},
    year  = {2012},
    publisher = {Routledge},
    doi = {10.1080/02681102.2011.643209},
    URL = {https://doi.org/10.1080/02681102.2011.643209},
    eprint = {https://doi.org/10.1080/02681102.2011.643209}
}

@article{Gonz_lez_2008,
	doi = {10.1038/nature06958},
	url = {https://doi.org/10.1038%2Fnature06958},
	year = 2008,
	month = {jun},
	publisher = {Springer Science and Business Media {LLC}},
	volume = {453},
	number = {7196},
	pages = {779--782},
	author = {Marta C. Gonz{\'{a}}lez and C{\'{e}}sar A. Hidalgo and Albert-L{\'{a}}szl{\'{o}} Barab{\'{a}}si},
	title = {Understanding individual human mobility patterns},
	journal = {Nature}
}


@inproceedings{pitsillidishottotell,
author = {Pitsillidis, Andreas and Xie, Yinglian and Yu, Fang and Abadi, Martin and Voelker, Geoffrey M. and Savage, Stefan},
title = "How to Tell an Airport from a Home: Techniques and Applications",
year = {2010},
isbn = {9781450304092},
publisher = {Association for Computing Machinery},
address = {New York, NY, USA},
url = {https://doi.org/10.1145/1868447.1868460},
doi = {10.1145/1868447.1868460},
articleno = {13},
numpages = {6},
location = {Monterey, California},
series = {Hotnets-IX}
}

@article{cherubini2016glossario,
  title={Glossario sull’asilo e la migrazione},
  author={Cherubini, Manola and Faro, Sebastiano and Rinaldi, Mariasole},
  journal={CNR Edizioni, Roma},
  year={2016}
}

@article{florentina2020web,
  title={Web Data Extraction With Robot Process Automation. Study On Linkedin Web Scraping Using Uipath Studio},
  author={Florentina, Marcu},
  journal={Annals of'Constantin Brancusi'University of Targu-Jiu. Engineering Series},
  number={1},
  year={2020}
}

@Article{RodrguezGonzlez2011,
author={Rodr{\'i}guez Gonz{\'a}lez, Carlos
and Bustillo Mesanza, Ricardo
and Mariel, Petr},
title={The determinants of international student mobility flows: an empirical study on the Erasmus programme},
journal={Higher Education},
year={2011},
month={Oct},
day={01},
volume={62},
number={4},
pages={413-430},
abstract={The Erasmus Programme for higher education students is supposed to play an important socio-economic role within Europe. Erasmus student mobility flows have reached a relevant level of two million since 1987, boosted in recent years by the enlargement of the programme to eastern countries. Thereafter, it seems that flows have staggered. In this context, the article analyses the determinants of Erasmus student mobility establishing relevant hypotheses, which arise from the migration theory and gravity models. A panel data set of bilateral flows for all the participating countries has been used in order to test the factors influencing these student flows. Country size, cost of living, distance, educational background, university quality, the host country language and climate are all found to be significant determinants. Results also reveal that there are other determinants, like a country's characteristics and time effects, which can affect mobility flows. Based on these findings, some general recommendations are put forward to enhance these flows.},
issn={1573-174X},
doi={10.1007/s10734-010-9396-5},
url={https://doi.org/10.1007/s10734-010-9396-5}
}

@article{articleKingRussell,
author = {King, Russell},
year = {2012},
month = {01},
pages = {1-43},
title = {Theories and Typologies of Migration: An Overview and A Primer},
volume = {12},
journal = {Willy Brandt Series of Working Papers in International Migration and Ethnic Relations}
}


@article{PeriSharber,
author = {Peri, Giovanni and Sparber, Chad},
year = {2008},
month = {01},
pages = {},
title = {Highly-Educated Immigrants and Native Occupational Choice},
volume = {50},
journal = {Centre for Research and Analysis of Migration (CReAM), Department of Economics, University College London, CReAM Discussion Paper Series},
doi = {10.1111/j.1468-232X.2011.00643.x}
}

@article{KerrSalriOzden,
author = {Kerr, Sari and Kerr, William and Ozden, Caglar and Parsons, Christopher},
year = {2017},
month = {08},
pages = {201-234},
title = {High-Skilled Migration and Agglomeration},
volume = {9},
journal = {Annual Review of Economics},
doi = {10.1146/annurev-economics-063016-103705}
}

@techreport{pearson,
author = {Samuels, Peter and Gilchrist, Mollie},
year = {2014},
month = {04},
pages = {},
title = {Pearson Correlation}
}

@article{10.2307/2284441,
 ISSN = {01621459},
 URL = {http://www.jstor.org/stable/2284441},
 abstract = {A table of critical values of the Spearman rank correlation coefficient, rs, is given for n = 4(1)50(2)100, for nine levels of significance: α = 0.50, 0.20, 0.10, 0.05, 0.02, 0.01, 0.005, 0.002, 0.001.},
 author = {Jerrold H. Zar},
 journal = {Journal of the American Statistical Association},
 number = {339},
 pages = {578--580},
 publisher = {[American Statistical Association, Taylor & Francis, Ltd.]},
 title = {Significance Testing of the Spearman Rank Correlation Coefficient},
 urldate = {2022-07-15},
 volume = {67},
 year = {1972}
}

